% CONTRACTS ===================================================================

@online{contract-fake-weth-giveaway
url = {https://polygonscan.com/address/0x15391A813d255e76de9b6b6d60df75c73f91121a#code}
}

% CODE ========================================================================

@online{code-smartbugs
title = {SmartBugs: A Framework to Analyze Ethereum Smart Contracts},
institution = {SmartBugs},
url = {https://github.com/smartbugs/smartbugs}
}

@online{code-honeybadger
title = {HoneyBadger: An Analysis Tool To Detect Honeypots In Ethereum Smart Contracts},
institution = {HoneyBadger},
url = {https://github.com/christoftorres/HoneyBadger}
}

% IMAGES ======================================================================

@online{image-deconstruction-diagram
title = {Deconstruction Diagram},
institution = {OpenZeppelin},
year = {2018},
url = {https://gists.rawgit.com/ajsantander/23c032ec7a722890feed94d93dff574a/raw/a453b28077e9669d5b51f2dc6d93b539a76834b8/BasicToken.svg}
}

% VIDEOS ======================================================================

@online{video-hacker-traps
author = {Noah Jelic},
title = {Hacker traps on the blockchain},
institution = {Hacken},
year = {2023},
url = {https://www.youtube.com/watch?v=4bSQWoy5a_k}
}

@online{video-masquerading-code
author = {Yoav Weiss, Oren Fine},
title = {Masquerading Code In Etherscan},
institution = {Ethereum Foundation, SphereX},
year = {2023},
url = {https://www.youtube.com/watch?v=l1wjRy2BYPg}
}

% CHANGELOGS ==================================================================

@online{changelog-solidity-bugs,
title = {Solidity Bugs},
institution = {Ethereum Foundation},
year = {2023},
url = {https://github.com/ethereum/solidity/blob/develop/docs/bugs.json},
}

% STANDARDS =====================================================================

@online{eip-1967,
title = {ERC-1967: Proxy Storage Slots},
institution = {Ethereum Foundation},
year = {2019},
url = {https://eips.ethereum.org/EIPS/eip-1967#logic-contract-address},
}

% ARTICLES ======================================================================

@article{article-red-pill
title = {Red Pills: Attacking Simulation Security},
institution = {Zengo},
url = {https://zengo.com/zengo-uncovers-security-vulnerabilities-in-popular-web3-transaction-simulation-solutions-the-red-pill-attack/}
}

@article{article-deconstructing-contract
title = {Deconstructing a Solidity Contract},
institution = {OpenZeppelin},
year = {2018},
url = {https://blog.openzeppelin.com/deconstructing-a-solidity-contract-part-i-introduction-832efd2d7737}
}

% PAPERS ======================================================================

@techreport{paper-art-of-the-scam,
author = {Christof Ferreira Torres, Mathis Steichen, Radu State},
title = {The Art of The Scam: Demystifying Honeypots in Ethereum Smart Contracts},
year = {2019},
url = {https://arxiv.org/pdf/1902.06976.pdf}
}
